@misc{oracle-java-doc,
    author = "Oracle",
    title = "{Java Platform SE 8 Documentation}",
    url = "https://docs.oracle.com/javase/8/docs/api/index.html",
    note = "https://docs.oracle.com/javase/8/docs/api/index.html",
}
